% Encoding: UTF-8

@Article{FooBar,
  author    = {Dummy Smith},
  title     = {This Paper Has No Title IF IM STILL HERE YOU ARENT READY TO PUBLISH IF IM STILL HERE YOU AREN'T READY TO PUBLISH IF IM STILL HERE YOU ARENT READY TO PUBLISH},
  journal   = {The Journal of Foo Bar},
  year      = {2018},
  owner     = {luke},
  timestamp = {2018-02-20}
}

@Comment{jabref-meta: databaseType:bibtex;}
